@book{Hatcher2001-hm,
	title = "Algebraic Topology",
	author = "Hatcher, Allen",
	publisher = "Cambridge University Press",
	month = dec,
	year = 2001,
	address = "Cambridge, England",
	language = "en",
}


@book{1997-hj,
	title = "Узлы, зацепления, косы и трехмерные многообразия",
	author = "Прасолов, Виктор Васильевич and Сосинский, Алексей Брониславович",
	publisher = "МЦНМО",
	month = jan,
	year = 1997,
	language = "ru",
}

@manual{GAP4,
	key = "GAP",
	organization = "The GAP~Group",
	title = "{GAP -- Groups, Algorithms, and Programming, Version 4.12.2}",
	year = 2022,
	url = {https://www.gap-system.org},
}

@book{Holt2005,
	doi = {10.1201/9781420035216},
	url = {https://doi.org/10.1201/9781420035216},
	year = {2005},
	month = jan,
	publisher = {Chapman and Hall/{CRC}},
	author = {Derek F. Holt and Bettina Eick and Eamonn A. O{\textquotesingle}
	          Brien},
	title = {Handbook of Computational Group Theory},
}


@article{Julia-2017,
	title = {Julia: A fresh approach to numerical computing},
	author = {Bezanson, Jeff and Edelman, Alan and Karpinski, Stefan and Shah,
	          Viral B},
	journal = {SIAM {R}eview},
	volume = {59},
	number = {1},
	pages = {65--98},
	year = {2017},
	publisher = {SIAM},
	doi = {10.1137/141000671},
	url = {https://epubs.siam.org/doi/10.1137/141000671},
}


@misc{Dyakonov2023,
	author = "Дьяконов, Фёдор Юрьевич",
	title = {3-manifold{\textunderscore}homology},
	year = 2023,
	publisher = {GitHub},
	journal = {GitHub repository},
	howpublished = {\url{
	                https://github.com/inverse-ackermann/3-manifold_homology}},
}

@article{Rabin1958,
	doi = {10.2307/1969933},
	url = {https://doi.org/10.2307/1969933},
	year = {1958},
	month = jan,
	publisher = {{JSTOR}},
	volume = {67},
	number = {1},
	pages = {172},
	author = {Michael O. Rabin},
	title = {Recursive Unsolvability of Group Theoretic Problems},
	journal = {The Annals of Mathematics},
}

@book{Lang2002,
	doi = {10.1007/978-1-4613-0041-0},
	url = {https://doi.org/10.1007/978-1-4613-0041-0},
	year = {2002},
	publisher = {Springer New York},
	author = {Serge Lang},
	title = {Algebra},
}